<record><leader>00000cas a2200000 i 4500</leader><controlfield tag="001">857140213</controlfield><controlfield tag="006">m     o  d        </controlfield><controlfield tag="007">cr |||||||||||</controlfield><controlfield tag="008">130828d19051919okudr neo     0   a0eng  </controlfield><datafield ind1=" " ind2=" " tag="010"><subfield code="a">  2013218944</subfield></datafield><datafield ind1=" " ind2=" " tag="040"><subfield code="a">DLC</subfield><subfield code="b">eng</subfield><subfield code="e">rda</subfield><subfield code="c">DLC</subfield><subfield code="d">DLC</subfield><subfield code="d">OCLCF</subfield></datafield><datafield ind1="0" ind2=" " tag="022"><subfield code="a">2330-7242</subfield><subfield code="2">1</subfield></datafield><datafield ind1="1" ind2=" " tag="029"><subfield code="a">NZ1</subfield><subfield code="b">15124790</subfield></datafield><datafield ind1=" " ind2=" " tag="042"><subfield code="a">pcc</subfield><subfield code="a">nsdp</subfield></datafield><datafield ind1=" " ind2=" " tag="043"><subfield code="a">n-us-ok</subfield></datafield><datafield ind1="1" ind2="0" tag="050"><subfield code="a">ISSN RECORD</subfield></datafield><datafield ind1="0" ind2="0" tag="082"><subfield code="a">071</subfield><subfield code="2">23</subfield></datafield><datafield ind1="0" ind2=" " tag="130"><subfield code="a">Tulsa daily world (Tulsa, Okla. : 1905 : Online)</subfield></datafield><datafield ind1=" " ind2="0" tag="222"><subfield code="a">Tulsa daily world</subfield><subfield code="b">(Tulsa, Okla. 1905. Online)</subfield></datafield><datafield ind1="1" ind2="0" tag="245"><subfield code="a">Tulsa daily world.</subfield></datafield><datafield ind1="3" ind2="0" tag="246"><subfield code="a">Tulsa world</subfield></datafield><datafield ind1="3" ind2="0" tag="246"><subfield code="a">Daily world</subfield></datafield><datafield ind1=" " ind2="1" tag="264"><subfield code="a">Tulsa, Indian Territory [Oklahoma] :</subfield><subfield code="b">J. R. Brady,</subfield><subfield code="c">-1919.</subfield></datafield><datafield ind1=" " ind2=" " tag="310"><subfield code="a">Daily</subfield></datafield><datafield ind1=" " ind2=" " tag="336"><subfield code="a">text</subfield><subfield code="b">txt</subfield><subfield code="2">rdacontent</subfield></datafield><datafield ind1=" " ind2=" " tag="337"><subfield code="a">computer</subfield><subfield code="b">c</subfield><subfield code="2">rdamedia</subfield></datafield><datafield ind1=" " ind2=" " tag="338"><subfield code="a">online resource</subfield><subfield code="b">cr</subfield><subfield code="2">rdacarrier</subfield></datafield><datafield ind1="1" ind2=" " tag="362"><subfield code="a">Began September 14, 1905; ceased with vol. XIII, no. 161 (March 3, 1919).</subfield></datafield><datafield ind1=" " ind2=" " tag="530"><subfield code="a">Available on microfilm from the Library of Congress, Photoduplication Service.</subfield></datafield><datafield ind1=" " ind2=" " tag="580"><subfield code="a">Weekly eds. : Tulsa weekly world, and: Oklahoma world, and: Oklahoma weekly world.</subfield></datafield><datafield ind1=" " ind2=" " tag="588"><subfield code="a">Description based on: Vol. 1, no. 83 (December 21, 1905); title from masthead (Chroniclingamerica.loc.gov, viewed August 28, 2013).</subfield></datafield><datafield ind1=" " ind2=" " tag="588"><subfield code="a">Latest issue consulted: Vol. XIII, no. 161 (March 3, 1919) (Chroniclingamerica.loc.gov, viewed August 28, 2013).</subfield></datafield><datafield ind1=" " ind2="0" tag="651"><subfield code="a">Tulsa (Okla.)</subfield><subfield code="v">Newspapers.</subfield></datafield><datafield ind1=" " ind2="0" tag="651"><subfield code="a">Tulsa County (Okla.)</subfield><subfield code="v">Newspapers.</subfield></datafield><datafield ind1=" " ind2="7" tag="655"><subfield code="a">Newspapers.</subfield><subfield code="2">fast</subfield><subfield code="0">(OCoLC)fst01423814</subfield></datafield><datafield ind1=" " ind2="7" tag="651"><subfield code="a">Oklahoma</subfield><subfield code="z">Tulsa.</subfield><subfield code="2">fast</subfield><subfield code="0">(OCoLC)fst01205469</subfield></datafield><datafield ind1=" " ind2="7" tag="651"><subfield code="a">Oklahoma</subfield><subfield code="z">Tulsa County.</subfield><subfield code="2">fast</subfield><subfield code="0">(OCoLC)fst01220997</subfield></datafield><datafield ind1=" " ind2=" " tag="752"><subfield code="a">United States</subfield><subfield code="b">Oklahoma</subfield><subfield code="c">Tulsa</subfield><subfield code="d">Tulsa.</subfield></datafield><datafield ind1="0" ind2=" " tag="775"><subfield code="t">Tulsa weekly world (Online)</subfield></datafield><datafield ind1="0" ind2=" " tag="775"><subfield code="t">Oklahoma world (Online)</subfield></datafield><datafield ind1="0" ind2=" " tag="775"><subfield code="t">Oklahoma weekly world (Online)</subfield></datafield><datafield ind1="0" ind2="8" tag="776"><subfield code="i">Originally issued in print:</subfield><subfield code="t">Tulsa daily world (Tulsa, Okla. : 1905)</subfield><subfield code="x">2330-7234</subfield><subfield code="w">(DLC)sn 85042344</subfield><subfield code="w">(OCoLC)4450824</subfield></datafield><datafield ind1="0" ind2="0" tag="785"><subfield code="t">Morning Tulsa daily world (Online)</subfield></datafield><datafield ind1="4" ind2="0" tag="856"><subfield code="u">http://chroniclingamerica.loc.gov/lccn/sn85042344/issues</subfield></datafield></record>